@manual{sample,
  author = {TU Dortmund},
  title = {Versuch zum Literaturverzeichnis},
  year = 2014
}
@manual{rh1,
  title = {Periodensystem-Online, 104Rh},
  note = {Eingesehen am 23.07.2020},
  url = {http://www.periodensystem-online.de/index.php?id=isotope&el=45&mz=104&nrg=0&show=nuklid&sel=},
  howpublished = "\url{http://www.periodensystem-online.de/index.php?id=isotope&el=45&mz=104&nrg=0&show=nuklid&sel=}",
}
@manual{vana,
  title = {Periodensystem-Online, Vanadium},
  note = {Eingesehen am 23.07.2020},
  url = {http://www.periodensystem-online.de/index.php?id=isotope&el=23&mz=52&show=nuklid},
  howpublished = "\url{http://www.periodensystem-online.de/index.php?id=isotope&el=23&mz=52&show=nuklid}",
}
@manual{rh2,
  title  = {Periodensystem-Online, 104m Rh},
  note = {Eingesehen am 23.07.2020},
  url = {http://www.periodensystem-online.de/index.php?id=isotope&el=45&mz=104&nrg=0.129&show=nuklid&sel=},
  howpublished = "\url{http://www.periodensystem-online.de/index.php?id=isotope&el=45&mz=104&nrg=0.129&show=nuklid&sel=}",
}
@manual{v606,
 title  = {V606, Altprotokoll Database},
  note = {Eingesehen am 22.06.2020},
  url = {https://fachschaft-physik.tu-dortmund.de/wordpress/wp-content/uploads/altprotokolle/ap/V606.pdf},
  howpublished = "\url{https://fachschaft-physik.tu-dortmund.de/wordpress/wp-content/uploads/altprotokolle/ap/V606.pdf}",
}