@manual{sample,
  author = {TU Dortmund},
  title = {Versuch zum Literaturverzeichnis},
  year = 2014
}
@manual{kline,
  title = {Phywe, Charakteristische RÃ¶ntgenstrahlung von Kupfer},
  note = {Eingesehen am 03.05.2020},
  url = {http://www.phywe-ru.com/index.php/fuseaction/download/lrn_file/versuchsanleitungen/P2540101/d/p2540101d.pdf},
  howpublished = "\url{http://www.phywe-ru.com/index.php/fuseaction/download/lrn_file/versuchsanleitungen/P2540101/d/p2540101d.pdf}",
}