@manual{sample,
  author = {TU Dortmund},
  title = {Versuch zum Literaturverzeichnis},
  year = 2014
}
@manual{kline,
  title = {Phywe, Charakteristische Röntgenstrahlung von Kupfer},
  note = {Eingesehen am 03.05.2020},
  url = {http://www.phywe-ru.com/index.php/fuseaction/download/lrn_file/versuchsanleitungen/P2540101/d/p2540101d.pdf},
  howpublished = "\url{http://www.phywe-ru.com/index.php/fuseaction/download/lrn_file/versuchsanleitungen/P2540101/d/p2540101d.pdf}",
}
@manual{leifi,
  title = {Leifiphysik, Röntgenphysik},
  note = {Eingesehen am 16.05.2020},
  url = {https://www.leifiphysik.de/atomphysik/roentgen-strahlung/grundwissen/charakteristische-roentgen-strahlung},
  howpublished = "\url{https://www.leifiphysik.de/atomphysik/roentgen-strahlung/grundwissen/charakteristische-roentgen-strahlung}",
}
@manual{nist,
  title  = {NIST, X-ray Transition Energies Database},
  note = {Eingesehen am 17.05.2020},
  url = {https://physics.nist.gov/PhysRefData/XrayTrans/Html/search.html},
  howpublished = "\url{https://physics.nist.gov/PhysRefData/XrayTrans/Html/search.html}",
}